@article{principles,
  author  = {Kai Wagner and Balázs Némethi and Elizabeth Renieris and Philipp Lang and Elliott Brunet and Eric Holst}, 
  title   = {Self-sovereign Identity: A position paper on blockchain enabled identity and the road ahead.},
  year    = 2018,
  month   = {October},
  pages   = {13-14}
}

% https://sovrin.org/wp-content/uploads/2017/06/The-Inevitable-Rise-of-Self-Sovereign-Identity.pdf
@article{sovrin,
  author  = {Andrew Tobin and Drummond Reed}, 
  title   = {The Inevitable Rise of Self-Sovereign Identity},
  year    = 2017,
  month   = {March}
}

% https://lp-cdn.lastpass.com/lporcamedia/document-library/lastpass/pdf/en/LastPass-Enterprise-The-Password-Expose-Ebook-v2.pdf
@techreport{lastpass,
  author       = {{LastPass Enterprise}}, 
  title        = {The Password Exposé. 8 truths about the threats - and opportunities – of employee passwords},
  institution  = {LastPass},
  year         = 2017
}


% https://www.ctrl-shift.co.uk/wp-content/uploads/2014/06/Ctrl-Shift-and-OIX-Economics-of-Identity.pdf
@techreport{ctrl-shift,
  author       = {Alan Mitchell and Jamie Smith}, 
  title        = {Economics of Identity. The size and potential of the UK market for identity assurance},
  institution  = {The Open Identity Exchange / Ctrl-Shift},
  year         = 2015,
  month        = {October}
}


% https://arxiv.org/ftp/arxiv/papers/1712/1712.01767.pdf
@article{opportunities,
title = {Self-sovereign Identity – Opportunities and Challenges for the Digital Revolution},
year = {2017},
month = {December},
issn = {1574-0137},
author = {Uwe Der and Stefan Jähnichen and Jan Sürmeli},
}

% https://www.sciencedirect.com/science/article/pii/S1574013718301217
@article{survey,
title = {A survey on essential components of a self-sovereign identity},
journal = {Computer Science Review},
volume = {30},
pages = {80-86},
year = {2018},
issn = {1574-0137},
doi = {https://doi.org/10.1016/j.cosrev.2018.10.002},
url = {https://www.sciencedirect.com/science/article/pii/S1574013718301217},
author = {Alexander Mühle and Andreas Grüner and Tatiana Gayvoronskaya and Christoph Meinel},
}

@misc{eurostat,
  author = {{Eurostat}},
  title = {Mobile internet access},
  year = {2019},
  note = {Data retrieved from \href{http://appsso.eurostat.ec.europa.eu/nui/show.do?query=BOOKMARK_DS-056936_QID_3FA90C8F_UID_-3F171EB0&layout=TIME,C,X,0;GEO,L,Y,0;INDIC_IS,L,Z,0;UNIT,L,Z,1;IND_TYPE,L,Z,2;INDICATORS,C,Z,3;&zSelection=DS-056936INDIC_IS,I_IUMP;DS-056936UNIT,PC_IND;DS-056936IND_TYPE,IND_TOTAL;DS-056936INDICATORS,OBS_FLAG;&rankName1=UNIT_1_2_-1_2&rankName2=INDICATORS_1_2_-1_2&rankName3=INDIC-IS_1_2_-1_2&rankName4=IND-TYPE_1_2_-1_2&rankName5=TIME_1_0_0_0&rankName6=GEO_1_2_0_1&sortC=ASC_-1_FIRST&rStp=&cStp=&rDCh=&cDCh=&rDM=true&cDM=true&footnes=false&empty=false&wai=false&time_mode=NONE&time_most_recent=false&lang=EN&cfo=\%23\%23\%23\%2C\%23\%23\%23.\%23\%23\%23}{Eurostat Data Explorer (link)}},
}

% https://github.com/Tribler/trustchain-superapp
@misc{superapp,
  author       = {{Delft Blockchain Lab}}, 
  title        = {{TrustChain SuperApp}},
  howpublished = {GitHub},
  year         = 2021,
  note         = {Retrieved from \url{https://github.com/Tribler/trustchain-superapp}}
}

% https://www.researchgate.net/publication/3247702_Usability_Basics_for_Software_Developers
@article{usability,
author = {Ferre, Xavier and Juristo, Natalia and Windl, Helmut and Constantine, Larry},
year = {2001},
month = {02},
pages = {22 - 29},
title = {Usability Basics for Software Developers.},
volume = {18},
journal = {Software, IEEE},
doi = {10.1109/52.903160}
}

% https://www.researchgate.net/publication/334692915_In_Search_of_Self-Sovereign_Identity_Leveraging_Blockchain_Technology 
@article{federated,
author = {Ferdous, Md. Sadek and Chowdhury, Farida and Alassafi, Madini},
year = {2019},
month = {07},
pages = {1-1},
title = {In Search of Self-Sovereign Identity Leveraging Blockchain Technology},
volume = {7},
journal = {IEEE Access},
doi = {10.1109/ACCESS.2019.2931173}
}

